<?xml version="1.0" encoding="UTF-8"?><collection xmlns="http://www.loc.gov/MARC21/slim"><record><leader>00460nam--2200169-i-4500</leader><controlfield tag="001">000040226</controlfield><controlfield tag="002">20161230</controlfield><controlfield tag="005">20161230201042</controlfield><controlfield tag="008">060222s1000------------r-----000-0-eng-d</controlfield><datafield ind1=" " ind2=" " tag="040"><subfield code="a">IFIN-HH</subfield></datafield><datafield ind1=" " ind2=" " tag="080"><subfield code="a">543.422.6</subfield></datafield><datafield ind1="1" ind2=" " tag="100"><subfield code="a">Samson, James A.R</subfield></datafield><datafield ind1="1" ind2="0" tag="245"><subfield code="a">Techniques of vacuum ultraviolet spectrscopy</subfield><subfield code="c">James a.r. samson</subfield></datafield><datafield ind1=" " ind2=" " tag="260"><subfield code="a">SYDNEY</subfield><subfield code="b">John Wiley &amp; Sons, Inc</subfield><subfield code="c">1967</subfield></datafield><datafield ind1=" " ind2=" " tag="300"><subfield code="a">X + 348 P</subfield></datafield><datafield ind1=" " ind2=" " tag="852"><subfield code="a">28076</subfield><subfield code="c">535.33</subfield></datafield><datafield ind1=" " ind2=" " tag="CAT"><subfield code="a">Sys</subfield><subfield code="c">20101203</subfield><subfield code="h">101553</subfield></datafield></record></collection>